<record><leader>00000cas a22000007a 4500</leader><controlfield tag="001">15434434</controlfield><controlfield tag="008">870330d19661978pauwr ne      0    0eng d</controlfield><datafield ind1=" " ind2=" " tag="010"><subfield code="a">sn 87080103 </subfield></datafield><datafield ind1=" " ind2=" " tag="040"><subfield code="a">NPH</subfield><subfield code="b">eng</subfield><subfield code="c">NPH</subfield><subfield code="d">OCLCQ</subfield></datafield><datafield ind1=" " ind2=" " tag="042"><subfield code="a">msc</subfield></datafield><datafield ind1="0" ind2="0" tag="245"><subfield code="a">Trail examiner.</subfield></datafield><datafield ind1=" " ind2=" " tag="260"><subfield code="a">Nicholson, Pa. :</subfield><subfield code="b">Cecil Krewson, Jr. and Lyman Krewson,</subfield><subfield code="c">1966-1978.</subfield></datafield><datafield ind1=" " ind2=" " tag="300"><subfield code="a">12 v. :</subfield><subfield code="b">ill. ;</subfield><subfield code="c">56-58 cm.</subfield></datafield><datafield ind1=" " ind2=" " tag="310"><subfield code="a">Weekly</subfield></datafield><datafield ind1="0" ind2=" " tag="362"><subfield code="a">1st year, no. 1 (June 10, 1966)-13th yr., no. 19 (Nov. 17, 1978).</subfield></datafield><datafield ind1=" " ind2=" " tag="500"><subfield code="a">Published every Friday.</subfield></datafield><datafield ind1=" " ind2=" " tag="752"><subfield code="a">United States</subfield><subfield code="b">Pennsylvania</subfield><subfield code="c">Wyoming</subfield><subfield code="d">Nicholson.</subfield></datafield><datafield ind1="0" ind2="0" tag="785"><subfield code="t">Nicholson trail examiner</subfield><subfield code="w">(DLC)sn 87080104</subfield></datafield></record>